<record><leader>00000cas a22000007a 4500</leader><controlfield tag="001">12696797</controlfield><controlfield tag="008">851019c18uu9999vauwr ne      0   a0eng d</controlfield><datafield ind1=" " ind2=" " tag="010"><subfield code="a">sn 85034357 </subfield></datafield><datafield ind1=" " ind2=" " tag="040"><subfield code="a">NPU</subfield><subfield code="b">eng</subfield><subfield code="c">NPU</subfield><subfield code="d">NVK</subfield><subfield code="d">DLC</subfield><subfield code="d">NVK</subfield><subfield code="d">OCLCQ</subfield><subfield code="d">IUL</subfield><subfield code="d">OCLCF</subfield></datafield><datafield ind1=" " ind2=" " tag="012"><subfield code="l">a</subfield></datafield><datafield ind1="1" ind2=" " tag="022"><subfield code="a">2158-2807</subfield><subfield code="2">1</subfield></datafield><datafield ind1="1" ind2=" " tag="029"><subfield code="a">AU@</subfield><subfield code="b">000022299441</subfield></datafield><datafield ind1=" " ind2=" " tag="042"><subfield code="a">msc</subfield><subfield code="a">nsdp</subfield></datafield><datafield ind1=" " ind2=" " tag="043"><subfield code="a">n-us-va</subfield></datafield><datafield ind1="0" ind2="0" tag="050"><subfield code="a">Newspaper</subfield></datafield><datafield ind1="0" ind2=" " tag="130"><subfield code="a">Clinch Valley news (Tazewell, Va. : 1867 : Weekly)</subfield></datafield><datafield ind1=" " ind2="0" tag="222"><subfield code="a">Clinch Valley news</subfield><subfield code="b">(Tazewell, Va. 1867. Weekly)</subfield></datafield><datafield ind1="1" ind2="0" tag="245"><subfield code="a">Clinch Valley news.</subfield></datafield><datafield ind1=" " ind2=" " tag="260"><subfield code="a">Jeffersonville, Va. :</subfield><subfield code="b">James C. Nutty</subfield></datafield><datafield ind1=" " ind2=" " tag="300"><subfield code="a">v. ;</subfield><subfield code="c">56 cm.</subfield></datafield><datafield ind1=" " ind2=" " tag="310"><subfield code="a">Weekly</subfield></datafield><datafield ind1="1" ind2=" " tag="362"><subfield code="a">Began in 1845.</subfield></datafield><datafield ind1=" " ind2=" " tag="500"><subfield code="a">Called Jeffersonville until Feb. 29, 1892, then called Tazewell.</subfield></datafield><datafield ind1=" " ind2=" " tag="500"><subfield code="a">"Devoted to local and general news, agriculture and miscellany."</subfield></datafield><datafield ind1=" " ind2=" " tag="500"><subfield code="a">Publisher varies.</subfield></datafield><datafield ind1=" " ind2=" " tag="515"><subfield code="a">Numbering inconsistent.</subfield></datafield><datafield ind1=" " ind2=" " tag="530"><subfield code="a">Microfilm available from the University of Virginia, and Bell &amp; Howell.</subfield></datafield><datafield ind1=" " ind2=" " tag="530"><subfield code="a">Archived issues are available in digital format as part of the Library of Congress Chronicling America online collection.</subfield></datafield><datafield ind1=" " ind2=" " tag="580"><subfield code="a">By 1966, Southwest Virginia Newspapers, Inc. also published: the Richlands news-press; and the Saltville progress.</subfield></datafield><datafield ind1=" " ind2=" " tag="588"><subfield code="a">Description based on: "Extra" issued on June 28, 1867.</subfield></datafield><datafield ind1=" " ind2="0" tag="651"><subfield code="a">Tazewell (Va.)</subfield><subfield code="v">Newspapers.</subfield></datafield><datafield ind1=" " ind2="7" tag="655"><subfield code="a">Newspapers.</subfield><subfield code="2">fast</subfield><subfield code="0">(OCoLC)fst01423814</subfield></datafield><datafield ind1=" " ind2="7" tag="651"><subfield code="a">Virginia</subfield><subfield code="z">Tazewell.</subfield><subfield code="2">fast</subfield><subfield code="0">(OCoLC)fst01224805</subfield></datafield><datafield ind1=" " ind2=" " tag="752"><subfield code="a">United States</subfield><subfield code="b">Virginia</subfield><subfield code="c">Tazewell</subfield><subfield code="d">Tazewell.</subfield></datafield><datafield ind1=" " ind2=" " tag="752"><subfield code="a">United States</subfield><subfield code="b">Virginia</subfield><subfield code="c">Tazewell</subfield><subfield code="d">Jeffersonville.</subfield></datafield><datafield ind1="1" ind2=" " tag="775"><subfield code="t">Richlands news-press</subfield><subfield code="w">(DLC)sn 00064818</subfield><subfield code="w">(OCoLC)45903815</subfield></datafield><datafield ind1="1" ind2=" " tag="775"><subfield code="t">Saltville progress</subfield><subfield code="w">(DLC)sn 00064375</subfield><subfield code="w">(OCoLC)43272325</subfield></datafield><datafield ind1="4" ind2="1" tag="856"><subfield code="u">http://www.loc.gov/chroniclingamerica/lccn/sn85034357/issues</subfield></datafield><datafield ind1="4" ind2="1" tag="856"><subfield code="u">http://www.virginiachronicle.com/</subfield></datafield></record>